<?xml version="1.0" encoding="utf-8"?>
<record xmlns="http://www.loc.gov/MARC21/slim" xmlns:xsi="http://www.w3.org/2001/XMLSchema-instance" xsi:schemaLocation="http://www.loc.gov/MARC21/slim http://www.loc.gov/standards/marcxml/schema/MARC21slim.xsd">
	<leader>     nam a22     Mi 4500</leader>
	<controlfield tag="001">2839068</controlfield>
	<controlfield tag="003">NjP</controlfield>
	<controlfield tag="006">m        d        </controlfield>
	<controlfield tag="007">cr cn |||m|||a</controlfield>
	<controlfield tag="008">210322s1893    mr      o     000 0 ara d</controlfield>
	<datafield ind1=" " ind2=" " tag="040">
		<subfield code="a">ZYU</subfield>
		<subfield code="b">ara</subfield>
		<subfield code="e">rda</subfield>
		<subfield code="c">ZYU</subfield>
	</datafield>
	<datafield ind1="0" ind2="3" tag="245">
		<subfield code="6">880-01</subfield>
		<subfield code="a">al-Majmūʻah al-mubārak bi-ʻawn Allāh wa-qad ishtamala ʻalá matn Tuḥfat Ibn ʻĀṣim wa-Lāmīyat al-Zaqqāq wa-al-ʻAmal al-Fāsī wa-al-Murshid al-muʻīn wa-al-Ājurrūmīyah wa-al-Khulāṣah wa-al-Lāmīyah al-afʻāl wa-al-Jumal wa-Muthallath Quṭrub wa-al-Sullam wa-al-Basṭ wa-al-taʻrīf wa-Naẓm al-istiʻārah /</subfield>
		<subfield code="c">bi-taṣḥīḥ al-Maʼmūn ibn al-Rashīd al-Ḥusaynī al-ʻIrāqī.</subfield>
	</datafield>
	<datafield ind1=" " ind2=" " tag="260">
		<subfield code="6">880-02</subfield>
		<subfield code="a">[al-Maghrib] :</subfield>
		<subfield code="b">al-ʻArabī al-Azraq,</subfield>
		<subfield code="c">1310 [1893]</subfield>
	</datafield>
	<datafield ind1=" " ind2=" " tag="300">
		<subfield code="a">online resource (1 volume (various pagings))</subfield>
	</datafield>
	<datafield ind1=" " ind2=" " tag="336">
		<subfield code="a">text</subfield>
		<subfield code="2">rdacontent</subfield>
	</datafield>
	<datafield ind1=" " ind2=" " tag="337">
		<subfield code="a">computer</subfield>
		<subfield code="2">rdamedia</subfield>
	</datafield>
	<datafield ind1=" " ind2=" " tag="338">
		<subfield code="a">online resource</subfield>
		<subfield code="2">rdacarrier</subfield>
	</datafield>
	<datafield ind1=" " ind2=" " tag="500">
		<subfield code="a">Title from colophon.</subfield>
	</datafield>
	<datafield ind1=" " ind2=" " tag="500">
		<subfield code="a">Part of the Arabic Collections Online (ACO) project, contributed by Princeton University Libraries.</subfield>
	</datafield>
	<datafield ind1="0" ind2=" " tag="505">
		<subfield code="a">Tuḥfat al-ḥukkām fī nukat al-ʻuqūd wa-al-aḥkām / Ibn ʻĀṣim -- Lāmīyah / al-Zaqqāq -- Naẓm al-ʻamal / ʻAbd al-Raḥmān al-Fāsī -- Murshid al-muʻūn / lil-Imām Ibn ʻĀshir -- Matn al-Ājurrūmīyah -- Alfīyat Ibn Mālik = al-Khulāṣah -- Lāmīyat al-afʻāl / lil-Imām ibn Mālik -- Jumal / lil-Imām al-Mujarrād -- Muthallath Quṭrub -- al-Sullam / lil-ʻAllāmah al-Akhḍarī -- al-Basṭ wa-al-taʻrīf / lil-Imām Abī Zayd ʻAbd al-Raḥmān al-Makkūdī -- Naẓm al-istiʻārah / lil-Shaykh al-Ṭayyib ibn Kīrān.</subfield>
	</datafield>
	<datafield ind1=" " ind2=" " tag="533">
		<subfield code="a">Electronic reproduction.</subfield>
		<subfield code="b">New York, N.Y. :</subfield>
		<subfield code="c">New York University,</subfield>
		<subfield code="d">2021.</subfield>
		<subfield code="5">NNU</subfield>
	</datafield>
	<datafield ind1=" " ind2="0" tag="650">
		<subfield code="a">Islamic law.</subfield>
	</datafield>
	<datafield ind1=" " ind2="0" tag="650">
		<subfield code="a">Arabic language.</subfield>
	</datafield>
	<datafield ind1=" " ind2="7" tag="650">
		<subfield code="a">Arabic language.</subfield>
		<subfield code="2">fast</subfield>
		<subfield code="0">(OCoLC)fst00812287</subfield>
	</datafield>
	<datafield ind1=" " ind2="7" tag="650">
		<subfield code="a">Islamic law.</subfield>
		<subfield code="2">fast</subfield>
		<subfield code="0">(OCoLC)fst00979949</subfield>
	</datafield>
	<datafield ind1=" " ind2="7" tag="655">
		<subfield code="a">Lithographs</subfield>
		<subfield code="z">Morocco</subfield>
		<subfield code="y">1893.</subfield>
		<subfield code="2">gmgpc</subfield>
	</datafield>
	<datafield ind1="1" ind2=" " tag="700">
		<subfield code="6">880-03</subfield>
		<subfield code="a">ʻIrāqī, Muḥammad,</subfield>
		<subfield code="d">1855 or 1856-1929 or 1930.</subfield>
	</datafield>
	<datafield ind1="1" ind2="2" tag="700">
		<subfield code="6">880-04</subfield>
		<subfield code="a">Ibn ʻĀṣim, Muḥammad ibn Muḥammad,</subfield>
		<subfield code="d">1359-1426.</subfield>
		<subfield code="t">Tuḥfat al-ḥukkām fī nukat al-ʻuqūd wa-al-aḥkām.</subfield>
	</datafield>
	<datafield ind1="2" ind2=" " tag="710">
		<subfield code="a">Princeton University.</subfield>
		<subfield code="b">Library.</subfield>
	</datafield>
	<datafield ind1="0" ind2=" " tag="730">
		<subfield code="a">Arabic Collections Online.</subfield>
	</datafield>
	<datafield ind1="0" ind2=" " tag="740">
		<subfield code="6">880-05</subfield>
		<subfield code="a">Tuḥfat al-ḥukkām fī nukat al-ʻuqūd wa-al-aḥkām.</subfield>
	</datafield>
	<datafield ind1="0" ind2="8" tag="776">
		<subfield code="i">Online version:</subfield>
		<subfield code="t">Majmūʻah al-mubārak bi-ʻawn Allāh wa-qad ishtamala ʻalá matn Tuḥfat Ibn ʻĀṣim wa-Lāmīyat al-Zaqqāq wa-al-ʻAmal al-Fāsī wa-al-Murshid al-muʻīn wa-al-Ājurrūmīyah wa-al-Khulāṣah wa-al-Lāmīyah al-afʻāl wa-al-Jumal wa-Muthallath Quṭrub wa-al-Sullam wa-al-Basṭ wa-al-taʻrīf wa-Naẓm al-istiʻārah.</subfield>
		<subfield code="d">[Morocco] : al-ʻArabī al-Azraq, 1310 [1893]</subfield>
		<subfield code="w">(OCoLC)657118754</subfield>
	</datafield>
	<datafield ind1="0" ind2="8" tag="776">
		<subfield code="i">Print version:</subfield>
		<subfield code="t">al-Majmūʻah al-mubārak bi-ʻawn Allāh wa-qad ishtamala ʻalá matn Tuḥfat Ibn ʻĀṣim wa-Lāmīyat al-Zaqqāq wa-al-ʻAmal al-Fāsī wa-al-Murshid al-muʻīn wa-al-Ājurrūmīyah wa-al-Khulāṣah wa-al-Lāmīyah al-afʻāl wa-al-Jumal wa-Muthallath Quṭrub wa-al-Sullam wa-al-Basṭ wa-al-taʻrīf wa-Naẓm al-istiʻārah</subfield>
		<subfield code="w">(NjP)2839068</subfield>
		<subfield code="w">(OCoLC)80260323</subfield>
	</datafield>
	<datafield ind1="4" ind2="0" tag="856">
		<subfield code="u">http://hdl.handle.net/2333.1/fxpnw77m</subfield>
	</datafield>
	<datafield ind1="0" ind2="2" tag="880">
		<subfield code="6">245-01</subfield>
		<subfield code="a">المجموعة المبارك بعون الله وقد اشتمل على متن تحفة ابن عاصم ولامية الزقاق والعمل الفاسي والمرشد المعين والآجرومية والخلاصة واللامية الافعال والجمل ومثلث قطرب والسلم والبسط والتعريف ونظم الاستعارة /</subfield>
		<subfield code="c">بتصحيح المأمون بن الرشيد الحسيني العراقي.</subfield>
	</datafield>
	<datafield ind1=" " ind2=" " tag="880">
		<subfield code="6">260-02</subfield>
		<subfield code="a">[المغرب] :</subfield>
		<subfield code="b">العربي الازرق،</subfield>
		<subfield code="c">1310 [1893]</subfield>
	</datafield>
	<datafield ind1="1" ind2=" " tag="880">
		<subfield code="6">700-03</subfield>
		<subfield code="a">عراقي، محمد،</subfield>
		<subfield code="d">1855 or 1856-1929 or 1930.</subfield>
	</datafield>
	<datafield ind1="1" ind2="2" tag="880">
		<subfield code="6">700-04</subfield>
		<subfield code="a">ابن عاصم، محمد بن محمد،</subfield>
		<subfield code="d">1359-1426.</subfield>
		<subfield code="t">تحفة الحكام في نكة العقود والاحكام.</subfield>
	</datafield>
	<datafield ind1="0" ind2=" " tag="880">
		<subfield code="6">740-05</subfield>
		<subfield code="a">تحفة الحكام في نكة العقود والاحكام.</subfield>
	</datafield>
	<datafield ind1=" " ind2=" " tag="959">
		<subfield code="a">NNU</subfield>
		<subfield code="b">WEB</subfield>
		<subfield code="c">GENI</subfield>
		<subfield code="t">0</subfield>
		<subfield code="m">Electronic access</subfield>
		<subfield code="s">01</subfield>
	</datafield>
	<datafield ind1=" " ind2=" " tag="999">
		<subfield code="i">NjP_2839068</subfield>
		<subfield code="o">(OCoLC)ocm80260323</subfield>
		<subfield code="s">princeton_aco004458:</subfield>
		<subfield code="e">(ERROR-880)(ERROR-MISC)</subfield>
		<subfield code="s">princeton_aco004458:</subfield>
	</datafield>
</record>
